<?xml version="1.0" encoding="UTF-8"?><record xmlns="http://www.loc.gov/MARC21/slim" xmlns:cinclude="http://apache.org/cocoon/include/1.0" xmlns:zs="http://www.loc.gov/zing/srw/">
  <leader>00582nz  a2200157n  4500</leader>
  <controlfield tag="001">n  93051825 </controlfield>
  <controlfield tag="003">DLC</controlfield>
  <controlfield tag="005">19930602122858.9</controlfield>
  <controlfield tag="008">930602n| acannaab|          |a aaa |||  </controlfield>
  <datafield tag="010" ind1=" " ind2=" ">
    <subfield code="a">n  93051825 </subfield>
  </datafield>
  <datafield tag="040" ind1=" " ind2=" ">
    <subfield code="a">DLC</subfield>
    <subfield code="c">DLC</subfield>
  </datafield>
  <datafield tag="100" ind1="1" ind2="0">
    <subfield code="a">Judd, A. F.</subfield>
    <subfield code="q">(Albert Francis),</subfield>
    <subfield code="d">1874-1939</subfield>
  </datafield>
  <datafield tag="400" ind1="1" ind2="0">
    <subfield code="w">nnaa</subfield>
    <subfield code="a">Judd, Albert Francis,</subfield>
    <subfield code="d">1874-</subfield>
  </datafield>
  <datafield tag="400" ind1="1" ind2="0">
    <subfield code="a">Judd, Albert Francis,</subfield>
    <subfield code="d">1874-1939</subfield>
  </datafield>
  <datafield tag="670" ind1=" " ind2=" ">
    <subfield code="a">NUCMC data from Bishop Museum Archives for His Papers, 1903-1934</subfield>
    <subfield code="b">(Albert Francis Judd (1874-1939); ethnologist)</subfield>
  </datafield>
  <datafield tag="670" ind1=" " ind2=" ">
    <subfield code="a">LC manual auth. cd.</subfield>
    <subfield code="b">(hdg.: Judd, Albert Francis, 1874- ; usage: A.F. Judd)</subfield>
  </datafield>
</record>